%YAML 1.1
%TAG !u! tag:unity3d.com,2011:
--- !u!1 &3248754755032467882
GameObject:
  m_ObjectHideFlags: 0
  m_CorrespondingSourceObject: {fileID: 0}
  m_PrefabInstance: {fileID: 0}
  m_PrefabAsset: {fileID: 0}
  serializedVersion: 6
  m_Component:
  - component: {fileID: 3248754755032467925}
  - component: {fileID: 3248754755032467924}
  m_Layer: 0
  m_Name: closer
  m_TagString: Untagged
  m_Icon: {fileID: 0}
  m_NavMeshLayer: 0
  m_StaticEditorFlags: 0
  m_IsActive: 1
--- !u!4 &3248754755032467925
Transform:
  m_ObjectHideFlags: 0
  m_CorrespondingSourceObject: {fileID: 0}
  m_PrefabInstance: {fileID: 0}
  m_PrefabAsset: {fileID: 0}
  m_GameObject: {fileID: 3248754755032467882}
  m_LocalRotation: {x: -0, y: -0, z: -0, w: 1}
  m_LocalPosition: {x: -57.317448, y: -75.48925, z: 0}
  m_LocalScale: {x: 73.48391, y: 81.80962, z: 81.80962}
  m_Children: []
  m_Father: {fileID: 6000165601210812703}
  m_RootOrder: 3
  m_LocalEulerAnglesHint: {x: 0, y: 0, z: 0}
--- !u!114 &3248754755032467924
MonoBehaviour:
  m_ObjectHideFlags: 0
  m_CorrespondingSourceObject: {fileID: 0}
  m_PrefabInstance: {fileID: 0}
  m_PrefabAsset: {fileID: 0}
  m_GameObject: {fileID: 3248754755032467882}
  m_Enabled: 1
  m_EditorHideFlags: 0
  m_Script: {fileID: 11500000, guid: e031ac84957e0bf40ab82c7acd56837b, type: 3}
  m_Name: 
  m_EditorClassIdentifier: 
  isClosed: 0
--- !u!1 &3248754755580660426
GameObject:
  m_ObjectHideFlags: 0
  m_CorrespondingSourceObject: {fileID: 0}
  m_PrefabInstance: {fileID: 0}
  m_PrefabAsset: {fileID: 0}
  serializedVersion: 6
  m_Component:
  - component: {fileID: 3248754755580660464}
  - component: {fileID: 3248754755580660465}
  - component: {fileID: 3248754755580660470}
  - component: {fileID: 3248754755580660471}
  - component: {fileID: 3248754755580660468}
  - component: {fileID: 3248754755580660467}
  - component: {fileID: 1313611763778068411}
  - component: {fileID: 3248754754423030977}
  m_Layer: 0
  m_Name: can 1
  m_TagString: Untagged
  m_Icon: {fileID: 0}
  m_NavMeshLayer: 0
  m_StaticEditorFlags: 0
  m_IsActive: 1
--- !u!4 &3248754755580660464
Transform:
  m_ObjectHideFlags: 0
  m_CorrespondingSourceObject: {fileID: 0}
  m_PrefabInstance: {fileID: 0}
  m_PrefabAsset: {fileID: 0}
  m_GameObject: {fileID: 3248754755580660426}
  m_LocalRotation: {x: -0, y: -0, z: -0, w: 1}
  m_LocalPosition: {x: 3.59, y: -1.8499999, z: 2.43}
  m_LocalScale: {x: 1, y: 1.0029814, z: 1}
  m_Children:
  - {fileID: 3248754756105286162}
  - {fileID: 6000165601210812703}
  m_Father: {fileID: 0}
  m_RootOrder: 0
  m_LocalEulerAnglesHint: {x: 0, y: 0, z: 0}
--- !u!33 &3248754755580660465
MeshFilter:
  m_ObjectHideFlags: 0
  m_CorrespondingSourceObject: {fileID: 0}
  m_PrefabInstance: {fileID: 0}
  m_PrefabAsset: {fileID: 0}
  m_GameObject: {fileID: 3248754755580660426}
  m_Mesh: {fileID: 4300002, guid: 973f154fad163944d8a20db0588291df, type: 3}
--- !u!23 &3248754755580660470
MeshRenderer:
  m_ObjectHideFlags: 0
  m_CorrespondingSourceObject: {fileID: 0}
  m_PrefabInstance: {fileID: 0}
  m_PrefabAsset: {fileID: 0}
  m_GameObject: {fileID: 3248754755580660426}
  m_Enabled: 1
  m_CastShadows: 1
  m_ReceiveShadows: 1
  m_DynamicOccludee: 1
  m_MotionVectors: 1
  m_LightProbeUsage: 1
  m_ReflectionProbeUsage: 1
  m_RayTracingMode: 2
  m_RenderingLayerMask: 4294967295
  m_RendererPriority: 0
  m_Materials:
  - {fileID: 2100000, guid: 43be2b24e396925418f32cf73c547ba2, type: 2}
  m_StaticBatchInfo:
    firstSubMesh: 0
    subMeshCount: 0
  m_StaticBatchRoot: {fileID: 0}
  m_ProbeAnchor: {fileID: 0}
  m_LightProbeVolumeOverride: {fileID: 0}
  m_ScaleInLightmap: 1
  m_ReceiveGI: 1
  m_PreserveUVs: 0
  m_IgnoreNormalsForChartDetection: 0
  m_ImportantGI: 0
  m_StitchLightmapSeams: 0
  m_SelectedEditorRenderState: 3
  m_MinimumChartSize: 4
  m_AutoUVMaxDistance: 0.5
  m_AutoUVMaxAngle: 89
  m_LightmapParameters: {fileID: 0}
  m_SortingLayerID: 0
  m_SortingLayer: 0
  m_SortingOrder: 0
--- !u!65 &3248754755580660471
BoxCollider:
  m_ObjectHideFlags: 0
  m_CorrespondingSourceObject: {fileID: 0}
  m_PrefabInstance: {fileID: 0}
  m_PrefabAsset: {fileID: 0}
  m_GameObject: {fileID: 3248754755580660426}
  m_Material: {fileID: 0}
  m_IsTrigger: 1
  m_Enabled: 1
  serializedVersion: 2
  m_Size: {x: 0.16763328, y: 0.31052443, z: 0.1676333}
  m_Center: {x: 0, y: -0.0006324798, z: 0.000000070780516}
--- !u!54 &3248754755580660468
Rigidbody:
  m_ObjectHideFlags: 0
  m_CorrespondingSourceObject: {fileID: 0}
  m_PrefabInstance: {fileID: 0}
  m_PrefabAsset: {fileID: 0}
  m_GameObject: {fileID: 3248754755580660426}
  serializedVersion: 2
  m_Mass: 1
  m_Drag: 0
  m_AngularDrag: 0.05
  m_UseGravity: 0
  m_IsKinematic: 0
  m_Interpolate: 0
  m_Constraints: 0
  m_CollisionDetection: 0
--- !u!114 &3248754755580660467
MonoBehaviour:
  m_ObjectHideFlags: 0
  m_CorrespondingSourceObject: {fileID: 0}
  m_PrefabInstance: {fileID: 0}
  m_PrefabAsset: {fileID: 0}
  m_GameObject: {fileID: 3248754755580660426}
  m_Enabled: 1
  m_EditorHideFlags: 0
  m_Script: {fileID: 11500000, guid: 67d4de287b46eb34e83a61e4f9115070, type: 3}
  m_Name: 
  m_EditorClassIdentifier: 
  mode: 0
  forceRender: 0
  color: {r: 1, g: 1, b: 1, a: 1}
  _overlay: 1
  _occluder: 0
  _tween: 1
  _tweenGradient:
    serializedVersion: 2
    key0: {r: 1, g: 0.08327952, b: 0, a: 0}
    key1: {r: 1, g: 0.08327952, b: 0, a: 1}
    key2: {r: 0, g: 0, b: 0, a: 0}
    key3: {r: 0, g: 0, b: 0, a: 0}
    key4: {r: 0, g: 0, b: 0, a: 0}
    key5: {r: 0, g: 0, b: 0, a: 0}
    key6: {r: 0, g: 0, b: 0, a: 0}
    key7: {r: 0, g: 0, b: 0, a: 0}
    ctime0: 0
    ctime1: 65535
    ctime2: 0
    ctime3: 0
    ctime4: 0
    ctime5: 0
    ctime6: 0
    ctime7: 0
    atime0: 0
    atime1: 65535
    atime2: 0
    atime3: 0
    atime4: 0
    atime5: 0
    atime6: 0
    atime7: 0
    m_Mode: 0
    m_NumColorKeys: 2
    m_NumAlphaKeys: 2
  _tweenDuration: 1
  _tweenReverse: 0
  _tweenLoop: 2
  _tweenEasing: 0
  _tweenDelay: 0
  _tweenRepeatCount: -1
  _tweenUseUnscaledTime: 0
  _constant: 0
  _constantColor: {r: 0.015686274, g: 0.13738313, b: 1, a: 1}
  _constantFadeInTime: 0.1
  _constantFadeOutTime: 0.25
  _constantEasing: 0
  _constantUseUnscaledTime: 0
  _filterMode: 0
  _filterList: []
--- !u!114 &1313611763778068411
MonoBehaviour:
  m_ObjectHideFlags: 0
  m_CorrespondingSourceObject: {fileID: 0}
  m_PrefabInstance: {fileID: 0}
  m_PrefabAsset: {fileID: 0}
  m_GameObject: {fileID: 3248754755580660426}
  m_Enabled: 1
  m_EditorHideFlags: 0
  m_Script: {fileID: 11500000, guid: 3f37bd6b9bc6f604bb05e737f5bcf942, type: 3}
  m_Name: 
  m_EditorClassIdentifier: 
  inventoryItem: {fileID: 11400000, guid: aa01e9b716d53484dbcc77c11fe2c707, type: 2}
--- !u!114 &3248754754423030977
MonoBehaviour:
  m_ObjectHideFlags: 0
  m_CorrespondingSourceObject: {fileID: 0}
  m_PrefabInstance: {fileID: 0}
  m_PrefabAsset: {fileID: 0}
  m_GameObject: {fileID: 3248754755580660426}
  m_Enabled: 1
  m_EditorHideFlags: 0
  m_Script: {fileID: 11500000, guid: 395ecc06678e94447b459c14ffefe41a, type: 3}
  m_Name: 
  m_EditorClassIdentifier: 
  m_allowOffhandGrab: 1
  m_snapPosition: 0
  m_snapOrientation: 0
  m_snapOffset: {fileID: 0}
  m_grabPoints: []
--- !u!1 &3248754756105286163
GameObject:
  m_ObjectHideFlags: 0
  m_CorrespondingSourceObject: {fileID: 0}
  m_PrefabInstance: {fileID: 0}
  m_PrefabAsset: {fileID: 0}
  serializedVersion: 6
  m_Component:
  - component: {fileID: 3248754756105286162}
  - component: {fileID: 3248754756105286172}
  - component: {fileID: 3248754756105286173}
  m_Layer: 0
  m_Name: GameObject
  m_TagString: Untagged
  m_Icon: {fileID: 0}
  m_NavMeshLayer: 0
  m_StaticEditorFlags: 0
  m_IsActive: 1
--- !u!4 &3248754756105286162
Transform:
  m_ObjectHideFlags: 0
  m_CorrespondingSourceObject: {fileID: 0}
  m_PrefabInstance: {fileID: 0}
  m_PrefabAsset: {fileID: 0}
  m_GameObject: {fileID: 3248754756105286163}
  m_LocalRotation: {x: 0, y: 0, z: 0, w: 1}
  m_LocalPosition: {x: 0, y: 0.156, z: 0}
  m_LocalScale: {x: 1, y: 1, z: 1}
  m_Children: []
  m_Father: {fileID: 3248754755580660464}
  m_RootOrder: 0
  m_LocalEulerAnglesHint: {x: 0, y: 0, z: 0}
--- !u!65 &3248754756105286172
BoxCollider:
  m_ObjectHideFlags: 0
  m_CorrespondingSourceObject: {fileID: 0}
  m_PrefabInstance: {fileID: 0}
  m_PrefabAsset: {fileID: 0}
  m_GameObject: {fileID: 3248754756105286163}
  m_Material: {fileID: 0}
  m_IsTrigger: 1
  m_Enabled: 1
  serializedVersion: 2
  m_Size: {x: 0.2, y: 0.13853177, z: 0.2}
  m_Center: {x: 0, y: 0.030734107, z: 0}
--- !u!114 &3248754756105286173
MonoBehaviour:
  m_ObjectHideFlags: 0
  m_CorrespondingSourceObject: {fileID: 0}
  m_PrefabInstance: {fileID: 0}
  m_PrefabAsset: {fileID: 0}
  m_GameObject: {fileID: 3248754756105286163}
  m_Enabled: 1
  m_EditorHideFlags: 0
  m_Script: {fileID: 11500000, guid: d2e8d2e239b2ada4cb7ce15c34b12ad0, type: 3}
  m_Name: 
  m_EditorClassIdentifier: 
--- !u!1001 &3248754754412821070
PrefabInstance:
  m_ObjectHideFlags: 0
  serializedVersion: 2
  m_Modification:
    m_TransformParent: {fileID: 3248754755580660464}
    m_Modifications:
    - target: {fileID: 2933864312420427138, guid: b47412fc8c3ffc54d9831e4cfe9f37f4,
        type: 3}
      propertyPath: trashObject
      value: 
      objectReference: {fileID: 3248754755580660426}
    - target: {fileID: 2933864312420427138, guid: b47412fc8c3ffc54d9831e4cfe9f37f4,
        type: 3}
      propertyPath: ex
      value: 
      objectReference: {fileID: 6000165601210812699}
    - target: {fileID: 2933864312420427138, guid: b47412fc8c3ffc54d9831e4cfe9f37f4,
        type: 3}
      propertyPath: playerTransform
      value: 
      objectReference: {fileID: 3248754755580660464}
    - target: {fileID: 9102122216244643651, guid: b47412fc8c3ffc54d9831e4cfe9f37f4,
        type: 3}
      propertyPath: m_OnClick.m_PersistentCalls.m_Calls.Array.data[0].m_Target
      value: 
      objectReference: {fileID: 3248754755032467924}
    - target: {fileID: 9102122216244643651, guid: b47412fc8c3ffc54d9831e4cfe9f37f4,
        type: 3}
      propertyPath: m_OnClick.m_PersistentCalls.m_Calls.Array.data[0].m_MethodName
      value: closedUITrigger
      objectReference: {fileID: 0}
    - target: {fileID: 9102122217404330832, guid: b47412fc8c3ffc54d9831e4cfe9f37f4,
        type: 3}
      propertyPath: m_Camera
      value: 
      objectReference: {fileID: 0}
    - target: {fileID: 9102122217404330833, guid: b47412fc8c3ffc54d9831e4cfe9f37f4,
        type: 3}
      propertyPath: m_LocalPosition.x
      value: 0
      objectReference: {fileID: 0}
    - target: {fileID: 9102122217404330833, guid: b47412fc8c3ffc54d9831e4cfe9f37f4,
        type: 3}
      propertyPath: m_LocalPosition.y
      value: 0
      objectReference: {fileID: 0}
    - target: {fileID: 9102122217404330833, guid: b47412fc8c3ffc54d9831e4cfe9f37f4,
        type: 3}
      propertyPath: m_LocalPosition.z
      value: 0
      objectReference: {fileID: 0}
    - target: {fileID: 9102122217404330833, guid: b47412fc8c3ffc54d9831e4cfe9f37f4,
        type: 3}
      propertyPath: m_LocalRotation.x
      value: -0
      objectReference: {fileID: 0}
    - target: {fileID: 9102122217404330833, guid: b47412fc8c3ffc54d9831e4cfe9f37f4,
        type: 3}
      propertyPath: m_LocalRotation.y
      value: -0
      objectReference: {fileID: 0}
    - target: {fileID: 9102122217404330833, guid: b47412fc8c3ffc54d9831e4cfe9f37f4,
        type: 3}
      propertyPath: m_LocalRotation.z
      value: -0
      objectReference: {fileID: 0}
    - target: {fileID: 9102122217404330833, guid: b47412fc8c3ffc54d9831e4cfe9f37f4,
        type: 3}
      propertyPath: m_LocalRotation.w
      value: 1
      objectReference: {fileID: 0}
    - target: {fileID: 9102122217404330833, guid: b47412fc8c3ffc54d9831e4cfe9f37f4,
        type: 3}
      propertyPath: m_RootOrder
      value: 1
      objectReference: {fileID: 0}
    - target: {fileID: 9102122217404330833, guid: b47412fc8c3ffc54d9831e4cfe9f37f4,
        type: 3}
      propertyPath: m_LocalEulerAnglesHint.x
      value: 0
      objectReference: {fileID: 0}
    - target: {fileID: 9102122217404330833, guid: b47412fc8c3ffc54d9831e4cfe9f37f4,
        type: 3}
      propertyPath: m_LocalEulerAnglesHint.y
      value: 0
      objectReference: {fileID: 0}
    - target: {fileID: 9102122217404330833, guid: b47412fc8c3ffc54d9831e4cfe9f37f4,
        type: 3}
      propertyPath: m_LocalEulerAnglesHint.z
      value: 0
      objectReference: {fileID: 0}
    - target: {fileID: 9102122217404330833, guid: b47412fc8c3ffc54d9831e4cfe9f37f4,
        type: 3}
      propertyPath: m_AnchoredPosition.x
      value: 0.467
      objectReference: {fileID: 0}
    - target: {fileID: 9102122217404330833, guid: b47412fc8c3ffc54d9831e4cfe9f37f4,
        type: 3}
      propertyPath: m_AnchoredPosition.y
      value: 0.02
      objectReference: {fileID: 0}
    - target: {fileID: 9102122217404330833, guid: b47412fc8c3ffc54d9831e4cfe9f37f4,
        type: 3}
      propertyPath: m_SizeDelta.x
      value: 100
      objectReference: {fileID: 0}
    - target: {fileID: 9102122217404330833, guid: b47412fc8c3ffc54d9831e4cfe9f37f4,
        type: 3}
      propertyPath: m_SizeDelta.y
      value: 81.78409
      objectReference: {fileID: 0}
    - target: {fileID: 9102122217404330833, guid: b47412fc8c3ffc54d9831e4cfe9f37f4,
        type: 3}
      propertyPath: m_AnchorMin.x
      value: 0.5
      objectReference: {fileID: 0}
    - target: {fileID: 9102122217404330833, guid: b47412fc8c3ffc54d9831e4cfe9f37f4,
        type: 3}
      propertyPath: m_AnchorMin.y
      value: 0.5
      objectReference: {fileID: 0}
    - target: {fileID: 9102122217404330833, guid: b47412fc8c3ffc54d9831e4cfe9f37f4,
        type: 3}
      propertyPath: m_AnchorMax.x
      value: 0.5
      objectReference: {fileID: 0}
    - target: {fileID: 9102122217404330833, guid: b47412fc8c3ffc54d9831e4cfe9f37f4,
        type: 3}
      propertyPath: m_AnchorMax.y
      value: 0.5
      objectReference: {fileID: 0}
    - target: {fileID: 9102122217404330833, guid: b47412fc8c3ffc54d9831e4cfe9f37f4,
        type: 3}
      propertyPath: m_Pivot.x
      value: 0.5
      objectReference: {fileID: 0}
    - target: {fileID: 9102122217404330833, guid: b47412fc8c3ffc54d9831e4cfe9f37f4,
        type: 3}
      propertyPath: m_Pivot.y
      value: 0.5
      objectReference: {fileID: 0}
    - target: {fileID: 9102122217404330833, guid: b47412fc8c3ffc54d9831e4cfe9f37f4,
        type: 3}
      propertyPath: m_LocalScale.y
      value: 0.0053150663
      objectReference: {fileID: 0}
    - target: {fileID: 9102122217404330833, guid: b47412fc8c3ffc54d9831e4cfe9f37f4,
        type: 3}
      propertyPath: m_LocalScale.x
      value: 0.005934905
      objectReference: {fileID: 0}
    - target: {fileID: 9102122217404330833, guid: b47412fc8c3ffc54d9831e4cfe9f37f4,
        type: 3}
      propertyPath: m_LocalScale.z
      value: 0.0053309132
      objectReference: {fileID: 0}
    - target: {fileID: 9102122217404330837, guid: b47412fc8c3ffc54d9831e4cfe9f37f4,
        type: 3}
      propertyPath: m_Name
      value: directioncanvas
      objectReference: {fileID: 0}
    - target: {fileID: 9102122217404330837, guid: b47412fc8c3ffc54d9831e4cfe9f37f4,
        type: 3}
      propertyPath: m_IsActive
      value: 0
      objectReference: {fileID: 0}
    m_RemovedComponents:
    - {fileID: 2933864312420427138, guid: b47412fc8c3ffc54d9831e4cfe9f37f4, type: 3}
  m_SourcePrefab: {fileID: 100100000, guid: b47412fc8c3ffc54d9831e4cfe9f37f4, type: 3}
--- !u!1 &6000165601210812699 stripped
GameObject:
  m_CorrespondingSourceObject: {fileID: 9102122217404330837, guid: b47412fc8c3ffc54d9831e4cfe9f37f4,
    type: 3}
  m_PrefabInstance: {fileID: 3248754754412821070}
  m_PrefabAsset: {fileID: 0}
--- !u!224 &6000165601210812703 stripped
RectTransform:
  m_CorrespondingSourceObject: {fileID: 9102122217404330833, guid: b47412fc8c3ffc54d9831e4cfe9f37f4,
    type: 3}
  m_PrefabInstance: {fileID: 3248754754412821070}
  m_PrefabAsset: {fileID: 0}
