%YAML 1.1
%TAG !u! tag:unity3d.com,2011:
--- !u!1 &6036639723550529232
GameObject:
  m_ObjectHideFlags: 0
  m_CorrespondingSourceObject: {fileID: 0}
  m_PrefabInstance: {fileID: 0}
  m_PrefabAsset: {fileID: 0}
  serializedVersion: 6
  m_Component:
  - component: {fileID: 6036639723550529246}
  - component: {fileID: 6036639723550529233}
  m_Layer: 0
  m_Name: RecyclingSystem
  m_TagString: Untagged
  m_Icon: {fileID: 0}
  m_NavMeshLayer: 0
  m_StaticEditorFlags: 0
  m_IsActive: 1
--- !u!4 &6036639723550529246
Transform:
  m_ObjectHideFlags: 0
  m_CorrespondingSourceObject: {fileID: 0}
  m_PrefabInstance: {fileID: 0}
  m_PrefabAsset: {fileID: 0}
  m_GameObject: {fileID: 6036639723550529232}
  m_LocalRotation: {x: 0, y: 0, z: 0, w: 1}
  m_LocalPosition: {x: 0, y: 0, z: -12.51}
  m_LocalScale: {x: 1, y: 1, z: 1}
  m_Children:
  - {fileID: 7808958355280452543}
  - {fileID: 7569016963816767329}
  - {fileID: 7595430972185700495}
  - {fileID: 6503343246831752800}
  m_Father: {fileID: 0}
  m_RootOrder: 0
  m_LocalEulerAnglesHint: {x: 0, y: 0, z: 0}
--- !u!114 &6036639723550529233
MonoBehaviour:
  m_ObjectHideFlags: 0
  m_CorrespondingSourceObject: {fileID: 0}
  m_PrefabInstance: {fileID: 0}
  m_PrefabAsset: {fileID: 0}
  m_GameObject: {fileID: 6036639723550529232}
  m_Enabled: 1
  m_EditorHideFlags: 0
  m_Script: {fileID: 11500000, guid: 9eb2719b56df06143b10c824d24b3427, type: 3}
  m_Name: 
  m_EditorClassIdentifier: 
  tagofBins:
  - Plastic
  - Bottle
  - Can
  - Paper
  NumofRecycled: 00000000000000000000000000000000
  list_recycleBins: []
--- !u!1001 &6036639722112625897
PrefabInstance:
  m_ObjectHideFlags: 0
  serializedVersion: 2
  m_Modification:
    m_TransformParent: {fileID: 6036639723550529246}
    m_Modifications:
    - target: {fileID: 686508543496338057, guid: 3773d0ae256dc594ea12defa93a67c26,
        type: 3}
      propertyPath: m_LocalPosition.x
      value: 3.3612285
      objectReference: {fileID: 0}
    - target: {fileID: 686508543496338057, guid: 3773d0ae256dc594ea12defa93a67c26,
        type: 3}
      propertyPath: m_LocalPosition.y
      value: 0
      objectReference: {fileID: 0}
    - target: {fileID: 686508543496338057, guid: 3773d0ae256dc594ea12defa93a67c26,
        type: 3}
      propertyPath: m_LocalPosition.z
      value: -0.09239769
      objectReference: {fileID: 0}
    - target: {fileID: 686508543496338057, guid: 3773d0ae256dc594ea12defa93a67c26,
        type: 3}
      propertyPath: m_LocalRotation.x
      value: -0
      objectReference: {fileID: 0}
    - target: {fileID: 686508543496338057, guid: 3773d0ae256dc594ea12defa93a67c26,
        type: 3}
      propertyPath: m_LocalRotation.y
      value: -0.7071068
      objectReference: {fileID: 0}
    - target: {fileID: 686508543496338057, guid: 3773d0ae256dc594ea12defa93a67c26,
        type: 3}
      propertyPath: m_LocalRotation.z
      value: -0
      objectReference: {fileID: 0}
    - target: {fileID: 686508543496338057, guid: 3773d0ae256dc594ea12defa93a67c26,
        type: 3}
      propertyPath: m_LocalRotation.w
      value: 0.7071068
      objectReference: {fileID: 0}
    - target: {fileID: 686508543496338057, guid: 3773d0ae256dc594ea12defa93a67c26,
        type: 3}
      propertyPath: m_RootOrder
      value: 3
      objectReference: {fileID: 0}
    - target: {fileID: 686508543496338057, guid: 3773d0ae256dc594ea12defa93a67c26,
        type: 3}
      propertyPath: m_LocalEulerAnglesHint.x
      value: 0
      objectReference: {fileID: 0}
    - target: {fileID: 686508543496338057, guid: 3773d0ae256dc594ea12defa93a67c26,
        type: 3}
      propertyPath: m_LocalEulerAnglesHint.y
      value: -90
      objectReference: {fileID: 0}
    - target: {fileID: 686508543496338057, guid: 3773d0ae256dc594ea12defa93a67c26,
        type: 3}
      propertyPath: m_LocalEulerAnglesHint.z
      value: 0
      objectReference: {fileID: 0}
    - target: {fileID: 686508543496338057, guid: 3773d0ae256dc594ea12defa93a67c26,
        type: 3}
      propertyPath: m_LocalScale.x
      value: 1.5000001
      objectReference: {fileID: 0}
    - target: {fileID: 686508543496338057, guid: 3773d0ae256dc594ea12defa93a67c26,
        type: 3}
      propertyPath: m_LocalScale.z
      value: 1.5000001
      objectReference: {fileID: 0}
    - target: {fileID: 686508543496338057, guid: 3773d0ae256dc594ea12defa93a67c26,
        type: 3}
      propertyPath: m_LocalScale.y
      value: 1.5
      objectReference: {fileID: 0}
    - target: {fileID: 4602025962161850522, guid: 3773d0ae256dc594ea12defa93a67c26,
        type: 3}
      propertyPath: m_Name
      value: PaperBin
      objectReference: {fileID: 0}
    - target: {fileID: 9032054342236209768, guid: 3773d0ae256dc594ea12defa93a67c26,
        type: 3}
      propertyPath: m_IsTrigger
      value: 1
      objectReference: {fileID: 0}
    m_RemovedComponents: []
  m_SourcePrefab: {fileID: 100100000, guid: 3773d0ae256dc594ea12defa93a67c26, type: 3}
--- !u!4 &6503343246831752800 stripped
Transform:
  m_CorrespondingSourceObject: {fileID: 686508543496338057, guid: 3773d0ae256dc594ea12defa93a67c26,
    type: 3}
  m_PrefabInstance: {fileID: 6036639722112625897}
  m_PrefabAsset: {fileID: 0}
--- !u!1001 &6036639722568901881
PrefabInstance:
  m_ObjectHideFlags: 0
  serializedVersion: 2
  m_Modification:
    m_TransformParent: {fileID: 6036639723550529246}
    m_Modifications:
    - target: {fileID: 703639341689392469, guid: 8d1264d958f92714c81f3d43e933b4b7,
        type: 3}
      propertyPath: m_Name
      value: PlasticBin
      objectReference: {fileID: 0}
    - target: {fileID: 4582568305846665030, guid: 8d1264d958f92714c81f3d43e933b4b7,
        type: 3}
      propertyPath: m_LocalPosition.x
      value: -3.57079
      objectReference: {fileID: 0}
    - target: {fileID: 4582568305846665030, guid: 8d1264d958f92714c81f3d43e933b4b7,
        type: 3}
      propertyPath: m_LocalPosition.y
      value: 0
      objectReference: {fileID: 0}
    - target: {fileID: 4582568305846665030, guid: 8d1264d958f92714c81f3d43e933b4b7,
        type: 3}
      propertyPath: m_LocalPosition.z
      value: -1.4479465
      objectReference: {fileID: 0}
    - target: {fileID: 4582568305846665030, guid: 8d1264d958f92714c81f3d43e933b4b7,
        type: 3}
      propertyPath: m_LocalRotation.x
      value: -0
      objectReference: {fileID: 0}
    - target: {fileID: 4582568305846665030, guid: 8d1264d958f92714c81f3d43e933b4b7,
        type: 3}
      propertyPath: m_LocalRotation.y
      value: 0.7071068
      objectReference: {fileID: 0}
    - target: {fileID: 4582568305846665030, guid: 8d1264d958f92714c81f3d43e933b4b7,
        type: 3}
      propertyPath: m_LocalRotation.z
      value: -0
      objectReference: {fileID: 0}
    - target: {fileID: 4582568305846665030, guid: 8d1264d958f92714c81f3d43e933b4b7,
        type: 3}
      propertyPath: m_LocalRotation.w
      value: 0.7071068
      objectReference: {fileID: 0}
    - target: {fileID: 4582568305846665030, guid: 8d1264d958f92714c81f3d43e933b4b7,
        type: 3}
      propertyPath: m_RootOrder
      value: 0
      objectReference: {fileID: 0}
    - target: {fileID: 4582568305846665030, guid: 8d1264d958f92714c81f3d43e933b4b7,
        type: 3}
      propertyPath: m_LocalEulerAnglesHint.x
      value: 0
      objectReference: {fileID: 0}
    - target: {fileID: 4582568305846665030, guid: 8d1264d958f92714c81f3d43e933b4b7,
        type: 3}
      propertyPath: m_LocalEulerAnglesHint.y
      value: 90
      objectReference: {fileID: 0}
    - target: {fileID: 4582568305846665030, guid: 8d1264d958f92714c81f3d43e933b4b7,
        type: 3}
      propertyPath: m_LocalEulerAnglesHint.z
      value: 0
      objectReference: {fileID: 0}
    - target: {fileID: 4582568305846665030, guid: 8d1264d958f92714c81f3d43e933b4b7,
        type: 3}
      propertyPath: m_LocalScale.x
      value: 1.5000001
      objectReference: {fileID: 0}
    - target: {fileID: 4582568305846665030, guid: 8d1264d958f92714c81f3d43e933b4b7,
        type: 3}
      propertyPath: m_LocalScale.y
      value: 1.5
      objectReference: {fileID: 0}
    - target: {fileID: 4582568305846665030, guid: 8d1264d958f92714c81f3d43e933b4b7,
        type: 3}
      propertyPath: m_LocalScale.z
      value: 1.5000001
      objectReference: {fileID: 0}
    - target: {fileID: 5424084271720105895, guid: 8d1264d958f92714c81f3d43e933b4b7,
        type: 3}
      propertyPath: m_IsTrigger
      value: 1
      objectReference: {fileID: 0}
    m_RemovedComponents: []
  m_SourcePrefab: {fileID: 100100000, guid: 8d1264d958f92714c81f3d43e933b4b7, type: 3}
--- !u!4 &7808958355280452543 stripped
Transform:
  m_CorrespondingSourceObject: {fileID: 4582568305846665030, guid: 8d1264d958f92714c81f3d43e933b4b7,
    type: 3}
  m_PrefabInstance: {fileID: 6036639722568901881}
  m_PrefabAsset: {fileID: 0}
--- !u!1001 &6036639722913074843
PrefabInstance:
  m_ObjectHideFlags: 0
  serializedVersion: 2
  m_Modification:
    m_TransformParent: {fileID: 6036639723550529246}
    m_Modifications:
    - target: {fileID: 907377276677374953, guid: 0f7b3117c02f5a34591d7757a1876e31,
        type: 3}
      propertyPath: m_Name
      value: BottleBin
      objectReference: {fileID: 0}
    - target: {fileID: 4237041775145595386, guid: 0f7b3117c02f5a34591d7757a1876e31,
        type: 3}
      propertyPath: m_LocalPosition.x
      value: -3.58
      objectReference: {fileID: 0}
    - target: {fileID: 4237041775145595386, guid: 0f7b3117c02f5a34591d7757a1876e31,
        type: 3}
      propertyPath: m_LocalPosition.y
      value: 0
      objectReference: {fileID: 0}
    - target: {fileID: 4237041775145595386, guid: 0f7b3117c02f5a34591d7757a1876e31,
        type: 3}
      propertyPath: m_LocalPosition.z
      value: -0.059999466
      objectReference: {fileID: 0}
    - target: {fileID: 4237041775145595386, guid: 0f7b3117c02f5a34591d7757a1876e31,
        type: 3}
      propertyPath: m_LocalRotation.x
      value: -0
      objectReference: {fileID: 0}
    - target: {fileID: 4237041775145595386, guid: 0f7b3117c02f5a34591d7757a1876e31,
        type: 3}
      propertyPath: m_LocalRotation.y
      value: 0.7071068
      objectReference: {fileID: 0}
    - target: {fileID: 4237041775145595386, guid: 0f7b3117c02f5a34591d7757a1876e31,
        type: 3}
      propertyPath: m_LocalRotation.z
      value: -0
      objectReference: {fileID: 0}
    - target: {fileID: 4237041775145595386, guid: 0f7b3117c02f5a34591d7757a1876e31,
        type: 3}
      propertyPath: m_LocalRotation.w
      value: 0.7071068
      objectReference: {fileID: 0}
    - target: {fileID: 4237041775145595386, guid: 0f7b3117c02f5a34591d7757a1876e31,
        type: 3}
      propertyPath: m_RootOrder
      value: 1
      objectReference: {fileID: 0}
    - target: {fileID: 4237041775145595386, guid: 0f7b3117c02f5a34591d7757a1876e31,
        type: 3}
      propertyPath: m_LocalEulerAnglesHint.x
      value: 0
      objectReference: {fileID: 0}
    - target: {fileID: 4237041775145595386, guid: 0f7b3117c02f5a34591d7757a1876e31,
        type: 3}
      propertyPath: m_LocalEulerAnglesHint.y
      value: 90
      objectReference: {fileID: 0}
    - target: {fileID: 4237041775145595386, guid: 0f7b3117c02f5a34591d7757a1876e31,
        type: 3}
      propertyPath: m_LocalEulerAnglesHint.z
      value: 0
      objectReference: {fileID: 0}
    - target: {fileID: 4237041775145595386, guid: 0f7b3117c02f5a34591d7757a1876e31,
        type: 3}
      propertyPath: m_LocalScale.x
      value: 1.5000001
      objectReference: {fileID: 0}
    - target: {fileID: 4237041775145595386, guid: 0f7b3117c02f5a34591d7757a1876e31,
        type: 3}
      propertyPath: m_LocalScale.z
      value: 1.5000001
      objectReference: {fileID: 0}
    - target: {fileID: 4237041775145595386, guid: 0f7b3117c02f5a34591d7757a1876e31,
        type: 3}
      propertyPath: m_LocalScale.y
      value: 1.5
      objectReference: {fileID: 0}
    - target: {fileID: 5625635282231888155, guid: 0f7b3117c02f5a34591d7757a1876e31,
        type: 3}
      propertyPath: m_IsTrigger
      value: 1
      objectReference: {fileID: 0}
    m_RemovedComponents: []
  m_SourcePrefab: {fileID: 100100000, guid: 0f7b3117c02f5a34591d7757a1876e31, type: 3}
--- !u!4 &7569016963816767329 stripped
Transform:
  m_CorrespondingSourceObject: {fileID: 4237041775145595386, guid: 0f7b3117c02f5a34591d7757a1876e31,
    type: 3}
  m_PrefabInstance: {fileID: 6036639722913074843}
  m_PrefabAsset: {fileID: 0}
--- !u!1001 &6036639723639291457
PrefabInstance:
  m_ObjectHideFlags: 0
  serializedVersion: 2
  m_Modification:
    m_TransformParent: {fileID: 6036639723550529246}
    m_Modifications:
    - target: {fileID: 933738511553406173, guid: 1a570f403ac9fbc439ef2f8f8fbaed19,
        type: 3}
      propertyPath: m_Name
      value: CanBin
      objectReference: {fileID: 0}
    - target: {fileID: 4228343360813323982, guid: 1a570f403ac9fbc439ef2f8f8fbaed19,
        type: 3}
      propertyPath: m_LocalPosition.x
      value: 3.3529477
      objectReference: {fileID: 0}
    - target: {fileID: 4228343360813323982, guid: 1a570f403ac9fbc439ef2f8f8fbaed19,
        type: 3}
      propertyPath: m_LocalPosition.y
      value: 0
      objectReference: {fileID: 0}
    - target: {fileID: 4228343360813323982, guid: 1a570f403ac9fbc439ef2f8f8fbaed19,
        type: 3}
      propertyPath: m_LocalPosition.z
      value: -1.4058361
      objectReference: {fileID: 0}
    - target: {fileID: 4228343360813323982, guid: 1a570f403ac9fbc439ef2f8f8fbaed19,
        type: 3}
      propertyPath: m_LocalRotation.x
      value: -0
      objectReference: {fileID: 0}
    - target: {fileID: 4228343360813323982, guid: 1a570f403ac9fbc439ef2f8f8fbaed19,
        type: 3}
      propertyPath: m_LocalRotation.y
      value: -0.7071068
      objectReference: {fileID: 0}
    - target: {fileID: 4228343360813323982, guid: 1a570f403ac9fbc439ef2f8f8fbaed19,
        type: 3}
      propertyPath: m_LocalRotation.z
      value: -0
      objectReference: {fileID: 0}
    - target: {fileID: 4228343360813323982, guid: 1a570f403ac9fbc439ef2f8f8fbaed19,
        type: 3}
      propertyPath: m_LocalRotation.w
      value: 0.7071068
      objectReference: {fileID: 0}
    - target: {fileID: 4228343360813323982, guid: 1a570f403ac9fbc439ef2f8f8fbaed19,
        type: 3}
      propertyPath: m_RootOrder
      value: 2
      objectReference: {fileID: 0}
    - target: {fileID: 4228343360813323982, guid: 1a570f403ac9fbc439ef2f8f8fbaed19,
        type: 3}
      propertyPath: m_LocalEulerAnglesHint.x
      value: 0
      objectReference: {fileID: 0}
    - target: {fileID: 4228343360813323982, guid: 1a570f403ac9fbc439ef2f8f8fbaed19,
        type: 3}
      propertyPath: m_LocalEulerAnglesHint.y
      value: -90
      objectReference: {fileID: 0}
    - target: {fileID: 4228343360813323982, guid: 1a570f403ac9fbc439ef2f8f8fbaed19,
        type: 3}
      propertyPath: m_LocalEulerAnglesHint.z
      value: 0
      objectReference: {fileID: 0}
    - target: {fileID: 4228343360813323982, guid: 1a570f403ac9fbc439ef2f8f8fbaed19,
        type: 3}
      propertyPath: m_LocalScale.x
      value: 1.5000001
      objectReference: {fileID: 0}
    - target: {fileID: 4228343360813323982, guid: 1a570f403ac9fbc439ef2f8f8fbaed19,
        type: 3}
      propertyPath: m_LocalScale.z
      value: 1.5000001
      objectReference: {fileID: 0}
    - target: {fileID: 4228343360813323982, guid: 1a570f403ac9fbc439ef2f8f8fbaed19,
        type: 3}
      propertyPath: m_LocalScale.y
      value: 1.5
      objectReference: {fileID: 0}
    - target: {fileID: 5652208376050216495, guid: 1a570f403ac9fbc439ef2f8f8fbaed19,
        type: 3}
      propertyPath: m_IsTrigger
      value: 1
      objectReference: {fileID: 0}
    m_RemovedComponents: []
  m_SourcePrefab: {fileID: 100100000, guid: 1a570f403ac9fbc439ef2f8f8fbaed19, type: 3}
--- !u!4 &7595430972185700495 stripped
Transform:
  m_CorrespondingSourceObject: {fileID: 4228343360813323982, guid: 1a570f403ac9fbc439ef2f8f8fbaed19,
    type: 3}
  m_PrefabInstance: {fileID: 6036639723639291457}
  m_PrefabAsset: {fileID: 0}
